%% This BibTeX bibliography file was created using BibDesk.
%% http://bibdesk.sourceforge.net/


%% Created for Serge Stinckwich at 2011-11-21 18:35:44 +0900 


%% Saved with string encoding Unicode (UTF-8) 



@article{Mernik:2005fk,
	Author = {Marjan Mernik and Jan Heering and Anthony M. Sloane},
	Date-Added = {2011-11-21 18:34:24 +0900},
	Date-Modified = {2011-11-21 18:34:24 +0900},
	Journal = {ACM Computing Surveys},
	Number = {4},
	Pages = {316-344},
	Title = {When and How to Develop Domian-Specific Languages},
	Volume = {37},
	Year = {2005},
	Bdsk-File-1 = {YnBsaXN0MDDUAQIDBAUIJidUJHRvcFgkb2JqZWN0c1gkdmVyc2lvblkkYXJjaGl2ZXLRBgdUcm9vdIABqAkKFRYXGyIjVSRudWxs0wsMDQ4RFFpOUy5vYmplY3RzV05TLmtleXNWJGNsYXNzog8QgASABqISE4ACgAOAB1lhbGlhc0RhdGFccmVsYXRpdmVQYXRo0hgNGRpXTlMuZGF0YU8RAiQAAAAAAiQAAgAADE1hY2ludG9zaCBIRAAAAAAAAAAAAAAAAAAAAMlb0QlIKwAAAjp6CB9XaGVuIGFuZCBIb3cgdG8gRGV2IzIzQTc5QTYucGRmAAAAAAAAAAAAAAAAAAAAAAAAAAAAAAAAAAAAAAAAAAACOnmmyvBJEAAAAAAAAAAAAAIABAAACSAAAAAAAAAAAAAAAAAAAAAGTWVybmlrABAACAAAyVtSeQAAABEACAAAyu/KgAAAAAEAFAI6eggAC248AAWrjAAFq38AAJGdAAIAUk1hY2ludG9zaCBIRDpVc2VyczpzZXJnZTpEb2N1bWVudHM6QXJ0aWNsZXM6TWVybmlrOldoZW4gYW5kIEhvdyB0byBEZXYjMjNBNzlBNi5wZGYADgBsADUAVwBoAGUAbgAgAGEAbgBkACAASABvAHcAIAB0AG8AIABEAGUAdgBlAGwAbwBwACAARABvAG0AaQBhAG4ALQBTAHAAZQBjAGkAZgBpAGMAIABMAGEAbgBnAHUAYQBnAGUAcwAuAHAAZABmAA8AGgAMAE0AYQBjAGkAbgB0AG8AcwBoACAASABEABIAW1VzZXJzL3NlcmdlL0RvY3VtZW50cy9BcnRpY2xlcy9NZXJuaWsvV2hlbiBhbmQgSG93IHRvIERldmVsb3AgRG9taWFuLVNwZWNpZmljIExhbmd1YWdlcy5wZGYAABMAAS8AABUAAgAM//8AAIAF0hwdHh9YJGNsYXNzZXNaJGNsYXNzbmFtZaMfICFdTlNNdXRhYmxlRGF0YVZOU0RhdGFYTlNPYmplY3RfEFUuLi8uLi9Eb2N1bWVudHMvQXJ0aWNsZXMvTWVybmlrL1doZW4gYW5kIEhvdyB0byBEZXZlbG9wIERvbWlhbi1TcGVjaWZpYyBMYW5ndWFnZXMucGRm0hwdJCWiJSFcTlNEaWN0aW9uYXJ5EgABhqBfEA9OU0tleWVkQXJjaGl2ZXIACAARABYAHwAoADIANQA6ADwARQBLAFIAXQBlAGwAbwBxAHMAdgB4AHoAfACGAJMAmACgAsgCygLPAtgC4wLnAvUC/AMFA10DYgNlA3IDdwAAAAAAAAIBAAAAAAAAACgAAAAAAAAAAAAAAAAAAAOJ}}

@inproceedings{ROSYM10,
	Author = {Juan-Francisco Ingles-Romero and Cristina Vicente-Chicote and Brice Morin and Olivier Barais},
	Booktitle = {1st Internationql Workshop on Model Based Engineering for Robotics (RoSym 2010)},
	Date-Added = {2011-11-10 16:43:25 +0900},
	Date-Modified = {2011-11-10 16:44:53 +0900},
	Title = {Using Models@Runtime for Designing Adaptive Robotics Software: an Experience Report},
	Year = {2010}}

@article{IEEESoftware09,
	Author = {Manuel Jimenez Buend and Francisca Rosique and Pedro Sanchez and Barbara Alvarez and Andres Iborra},
	Date-Added = {2011-11-10 16:42:04 +0900},
	Date-Modified = {2011-11-10 16:43:13 +0900},
	Journal = {IEEE Software},
	Number = {4},
	Pages = {30-38},
	Title = {Habitation: A Domain-Specific Language for Home Automation},
	Volume = {26},
	Year = {2009}}

@article{IJCIS07,
	Author = {Cristina Vicente-Chicote and Fernando Losilla and Barbara Alvarez and Andres Iborra and Pedro Sanchez},
	Date-Added = {2011-11-10 16:40:05 +0900},
	Date-Modified = {2011-11-10 16:41:30 +0900},
	Journal = {International Journal of Cooperative Information Systems},
	Number = {3/4},
	Pages = {393-412},
	Title = {Applying MDE to the Development of Flexible and Reusable Wireless Sensor Networks},
	Volume = {16},
	Year = {2007}}

@article{JOSER10,
	Author = {Diego Alonso and Cristina Vicente-Chicote and Francisco Ortiz and Juan Pastor and Barbara Alvarez},
	Date-Added = {2011-11-10 16:34:52 +0900},
	Date-Modified = {2011-11-10 16:36:30 +0900},
	Journal = {Journal of Software Engineering for Robotics},
	Number = {1},
	Pages = {3-17},
	Title = {V3CMM: a 3-View Component Meta-Model for Model-Driven Robotic Software Development},
	Volume = {1},
	Year = {2010}}

@webpage{Smach:2011ys,
	Date-Added = {2011-10-12 12:00:52 +0700},
	Date-Modified = {2011-10-12 12:03:38 +0700},
	Url = {http://www.ros.org/wiki/smach},
	Year = {2011},
	Bdsk-Url-1 = {http://www.ros.org/wiki/smach}}

@misc{Dubois:1989kx,
	Author = {Patricia Dubois},
	Date-Added = {2011-10-12 11:59:48 +0700},
	Date-Modified = {2011-10-12 11:59:48 +0700},
	Keywords = {DSL, robotics},
	Title = {LM-OBJ: Un langage de programmation des robots de niveau objet},
	Year = {1989},
	Bdsk-File-1 = {YnBsaXN0MDDUAQIDBAUIJidUJHRvcFgkb2JqZWN0c1gkdmVyc2lvblkkYXJjaGl2ZXLRBgdUcm9vdIABqAkKFRYXGyIjVSRudWxs0wsMDQ4RFFpOUy5vYmplY3RzV05TLmtleXNWJGNsYXNzog8QgASABqISE4ACgAOAB1lhbGlhc0RhdGFccmVsYXRpdmVQYXRo0hgNGRpXTlMuZGF0YU8RAjYAAAAAAjYAAgAADE1hY2ludG9zaCBIRAAAAAAAAAAAAAAAAAAAAMlb0QlIKwAAAAtwcx9MTS1PQkogVW4gbGFuZ2FnZSBkZSAjQjcwNzUucGRmAAAAAAAAAAAAAAAAAAAAAAAAAAAAAAAAAAAAAAAAAAAAC3B1yQi0NAAAAAAAAAAAAAIABAAACSAAAAAAAAAAAAAAAAAAAAAGRHVib2lzABAACAAAyVtSeQAAABEACAAAyQg1pAAAAAEAFAALcHMAC248AAWrjAAFq38AAJGdAAIAUk1hY2ludG9zaCBIRDpVc2VyczpzZXJnZTpEb2N1bWVudHM6QXJ0aWNsZXM6RHVib2lzOkxNLU9CSiBVbiBsYW5nYWdlIGRlICNCNzA3NS5wZGYADgB4ADsATABNAC0ATwBCAEoAIABVAG4AIABsAGEAbgBnAGEAZwBlACAAZABlACAAcAByAG8AZwByAGEAbQBtAGEAdABpAG8AbgAgAGQAZQBzACAAcgBvAGIAbwB0AHMAIABkAGUAIABuAGkAdgBlAGEAdQAuAHAAZABmAA8AGgAMAE0AYQBjAGkAbgB0AG8AcwBoACAASABEABIAYVVzZXJzL3NlcmdlL0RvY3VtZW50cy9BcnRpY2xlcy9EdWJvaXMvTE0tT0JKIFVuIGxhbmdhZ2UgZGUgcHJvZ3JhbW1hdGlvbiBkZXMgcm9ib3RzIGRlIG5pdmVhdS5wZGYAABMAAS8AABUAAgAM//8AAIAF0hwdHh9YJGNsYXNzZXNaJGNsYXNzbmFtZaMfICFdTlNNdXRhYmxlRGF0YVZOU0RhdGFYTlNPYmplY3RfEFsuLi8uLi9Eb2N1bWVudHMvQXJ0aWNsZXMvRHVib2lzL0xNLU9CSiBVbiBsYW5nYWdlIGRlIHByb2dyYW1tYXRpb24gZGVzIHJvYm90cyBkZSBuaXZlYXUucGRm0hwdJCWiJSFcTlNEaWN0aW9uYXJ5EgABhqBfEA9OU0tleWVkQXJjaGl2ZXIACAARABYAHwAoADIANQA6ADwARQBLAFIAXQBlAGwAbwBxAHMAdgB4AHoAfACGAJMAmACgAtoC3ALhAuoC9QL5AwcDDgMXA3UDegN9A4oDjwAAAAAAAAIBAAAAAAAAACgAAAAAAAAAAAAAAAAAAAOh}}

@inproceedings{Peterson:1999lk,
	Author = {J. Peterson and G. Hager},
	Booktitle = {Domain-Specific Languages},
	Date-Added = {2011-10-12 11:59:48 +0700},
	Date-Modified = {2011-10-12 11:59:48 +0700},
	Keywords = {DSL, robotics},
	Pages = {95-108},
	Title = {Monadic robotics},
	Year = {1999},
	Bdsk-File-1 = {YnBsaXN0MDDUAQIDBAUIJidUJHRvcFgkb2JqZWN0c1gkdmVyc2lvblkkYXJjaGl2ZXLRBgdUcm9vdIABqAkKFRYXGyIjVSRudWxs0wsMDQ4RFFpOUy5vYmplY3RzV05TLmtleXNWJGNsYXNzog8QgASABqISE4ACgAOAB1lhbGlhc0RhdGFccmVsYXRpdmVQYXRo0hgNGRpXTlMuZGF0YU8RAaoAAAAAAaoAAgAADE1hY2ludG9zaCBIRAAAAAAAAAAAAAAAAAAAAMlb0QlIKwAAAAtx+BRNb25hZGljIHJvYm90aWNzLnBkZgAAAAAAAAAAAAAAAAAAAAAAAAAAAAAAAAAAAAAAAAAAAAAAAAAAAAAAAAAAC3H5xmbhZQAAAAAAAAAAAAIABAAACSAAAAAAAAAAAAAAAAAAAAACSi4AEAAIAADJW1J5AAAAEQAIAADGZmLVAAAAAQAUAAtx+AALbjwABauMAAWrfwAAkZ0AAgBDTWFjaW50b3NoIEhEOlVzZXJzOnNlcmdlOkRvY3VtZW50czpBcnRpY2xlczpKLjpNb25hZGljIHJvYm90aWNzLnBkZgAADgAqABQATQBvAG4AYQBkAGkAYwAgAHIAbwBiAG8AdABpAGMAcwAuAHAAZABmAA8AGgAMAE0AYQBjAGkAbgB0AG8AcwBoACAASABEABIANlVzZXJzL3NlcmdlL0RvY3VtZW50cy9BcnRpY2xlcy9KLi9Nb25hZGljIHJvYm90aWNzLnBkZgATAAEvAAAVAAIADP//AACABdIcHR4fWCRjbGFzc2VzWiRjbGFzc25hbWWjHyAhXU5TTXV0YWJsZURhdGFWTlNEYXRhWE5TT2JqZWN0XxAwLi4vLi4vRG9jdW1lbnRzL0FydGljbGVzL0ouL01vbmFkaWMgcm9ib3RpY3MucGRm0hwdJCWiJSFcTlNEaWN0aW9uYXJ5EgABhqBfEA9OU0tleWVkQXJjaGl2ZXIACAARABYAHwAoADIANQA6ADwARQBLAFIAXQBlAGwAbwBxAHMAdgB4AHoAfACGAJMAmACgAk4CUAJVAl4CaQJtAnsCggKLAr4CwwLGAtMC2AAAAAAAAAIBAAAAAAAAACgAAAAAAAAAAAAAAAAAAALq}}

@inproceedings{Hager:1999fk,
	Author = {Gregory Hager and John Peterson},
	Booktitle = {Proc. International Symposium of Robotics Research (ISRR)},
	Date-Added = {2011-10-12 11:59:48 +0700},
	Date-Modified = {2011-10-12 11:59:48 +0700},
	Editor = {Springer-Verlag},
	Keywords = {robotics, DSL},
	Pages = {257-264},
	Title = {FROB: A Transformational Approach to the Design of Robot Software},
	Year = {1999},
	Bdsk-File-1 = {YnBsaXN0MDDUAQIDBAUIJidUJHRvcFgkb2JqZWN0c1gkdmVyc2lvblkkYXJjaGl2ZXLRBgdUcm9vdIABqAkKFRYXGyIjVSRudWxs0wsMDQ4RFFpOUy5vYmplY3RzV05TLmtleXNWJGNsYXNzog8QgASABqISE4ACgAOAB1lhbGlhc0RhdGFccmVsYXRpdmVQYXRo0hgNGRpXTlMuZGF0YU8RAjgAAAAAAjgAAgAADE1hY2ludG9zaCBIRAAAAAAAAAAAAAAAAAAAAMlb0QlIKwAAAAtxeB9GUk9CLyBBIFRyYW5zZm9ybWF0aW8jQjcxNzkucGRmAAAAAAAAAAAAAAAAAAAAAAAAAAAAAAAAAAAAAAAAAAAAC3F5xEEqalBERiBwcnZ3AAIABAAACSAAAAAAAAAAAAAAAAAAAAAFSGFnZXIAABAACAAAyVtSeQAAABEACAAAxECr2gAAAAEAFAALcXgAC248AAWrjAAFq38AAJGdAAIAUU1hY2ludG9zaCBIRDpVc2VyczpzZXJnZTpEb2N1bWVudHM6QXJ0aWNsZXM6SGFnZXI6RlJPQi8gQSBUcmFuc2Zvcm1hdGlvI0I3MTc5LnBkZgAADgB6ADwARgBSAE8AQgAvACAAQQAgAFQAcgBhAG4AcwBmAG8AcgBtAGEAdABpAG8AbgBhAGwAIABBAHAAcAByAG8AYQBjAGgAIAB0AG8AIAB0AGgAZQAgAEQAZQBzAGkAZwBuACAAbwBmACAAUgBvAGIAbwB0AC4AcABkAGYADwAaAAwATQBhAGMAaQBuAHQAbwBzAGgAIABIAEQAEgBhVXNlcnMvc2VyZ2UvRG9jdW1lbnRzL0FydGljbGVzL0hhZ2VyL0ZST0I6IEEgVHJhbnNmb3JtYXRpb25hbCBBcHByb2FjaCB0byB0aGUgRGVzaWduIG9mIFJvYm90LnBkZgAAEwABLwAAFQACAAz//wAAgAXSHB0eH1gkY2xhc3Nlc1okY2xhc3NuYW1lox8gIV1OU011dGFibGVEYXRhVk5TRGF0YVhOU09iamVjdF8QWy4uLy4uL0RvY3VtZW50cy9BcnRpY2xlcy9IYWdlci9GUk9COiBBIFRyYW5zZm9ybWF0aW9uYWwgQXBwcm9hY2ggdG8gdGhlIERlc2lnbiBvZiBSb2JvdC5wZGbSHB0kJaIlIVxOU0RpY3Rpb25hcnkSAAGGoF8QD05TS2V5ZWRBcmNoaXZlcgAIABEAFgAfACgAMgA1ADoAPABFAEsAUgBdAGUAbABvAHEAcwB2AHgAegB8AIYAkwCYAKAC3ALeAuMC7AL3AvsDCQMQAxkDdwN8A38DjAORAAAAAAAAAgEAAAAAAAAAKAAAAAAAAAAAAAAAAAAAA6M=}}

@article{Thrun:2000,
	Author = {Thrun, Sebastian},
	Date-Added = {2011-10-12 11:59:48 +0700},
	Date-Modified = {2011-10-12 11:59:48 +0700},
	Keywords = {robotics},
	Title = {Towards Programming Tools for Robots That Integrate Probabilistic Computation and Learning},
	Year = {2000},
	Bdsk-File-1 = {YnBsaXN0MDDUAQIDBAUIJidUJHRvcFgkb2JqZWN0c1gkdmVyc2lvblkkYXJjaGl2ZXLRBgdUcm9vdIABqAkKFRYXGyIjVSRudWxs0wsMDQ4RFFpOUy5vYmplY3RzV05TLmtleXNWJGNsYXNzog8QgASABqISE4ACgAOAB1lhbGlhc0RhdGFccmVsYXRpdmVQYXRo0hgNGRpXTlMuZGF0YU8RAg4AAAAAAg4AAgAADE1hY2ludG9zaCBIRAAAAAAAAAAAAAAAAAAAAMlb0QlIKwAAAAt2+B9Ub3dhcmRzIFByb2dyYW1taW5nIFQjQjc2RkMucGRmAAAAAAAAAAAAAAAAAAAAAAAAAAAAAAAAAAAAAAAAAAAAC3b8wFcI7T8/Pz8/Pz8/AAIABAAACSAAAAAAAAAAAAAAAAAAAAAFdGhydW4AABAACAAAyVtSeQAAABEACAAAwFaKXQAAAAEAFAALdvgAC248AAWrjAAFq38AAJGdAAIAUU1hY2ludG9zaCBIRDpVc2VyczpzZXJnZTpEb2N1bWVudHM6QXJ0aWNsZXM6dGhydW46VG93YXJkcyBQcm9ncmFtbWluZyBUI0I3NkZDLnBkZgAADgBeAC4AVABvAHcAYQByAGQAcwAgAFAAcgBvAGcAcgBhAG0AbQBpAG4AZwAgAFQAbwBvAGwAcwAgAGYAbwByACAAUgBvAGIAbwB0AHMAIABUAGgAYQB0ADAALgBwAGQAZgAPABoADABNAGEAYwBpAG4AdABvAHMAaAAgAEgARAASAFNVc2Vycy9zZXJnZS9Eb2N1bWVudHMvQXJ0aWNsZXMvdGhydW4vVG93YXJkcyBQcm9ncmFtbWluZyBUb29scyBmb3IgUm9ib3RzIFRoYXQwLnBkZgAAEwABLwAAFQACAAz//wAAgAXSHB0eH1gkY2xhc3Nlc1okY2xhc3NuYW1lox8gIV1OU011dGFibGVEYXRhVk5TRGF0YVhOU09iamVjdF8QTS4uLy4uL0RvY3VtZW50cy9BcnRpY2xlcy90aHJ1bi9Ub3dhcmRzIFByb2dyYW1taW5nIFRvb2xzIGZvciBSb2JvdHMgVGhhdDAucGRm0hwdJCWiJSFcTlNEaWN0aW9uYXJ5EgABhqBfEA9OU0tleWVkQXJjaGl2ZXIACAARABYAHwAoADIANQA6ADwARQBLAFIAXQBlAGwAbwBxAHMAdgB4AHoAfACGAJMAmACgArICtAK5AsICzQLRAt8C5gLvAz8DRANHA1QDWQAAAAAAAAIBAAAAAAAAACgAAAAAAAAAAAAAAAAAAANr}}

@article{Deursen:2000uq,
	Author = {Arie van Deursen and Paul Klint and Joost Visser},
	Date-Added = {2011-10-12 11:59:48 +0700},
	Date-Modified = {2011-10-12 11:59:48 +0700},
	Journal = {ACM SIGPLAN Notices},
	Number = {6},
	Title = {Domain-Specific Languages: An Annotated Bibliography},
	Volume = {35},
	Year = {2000},
	Bdsk-File-1 = {YnBsaXN0MDDUAQIDBAUIJidUJHRvcFgkb2JqZWN0c1gkdmVyc2lvblkkYXJjaGl2ZXLRBgdUcm9vdIABqAkKFRYXGyIjVSRudWxs0wsMDQ4RFFpOUy5vYmplY3RzV05TLmtleXNWJGNsYXNzog8QgASABqISE4ACgAOAB1lhbGlhc0RhdGFccmVsYXRpdmVQYXRo0hgNGRpXTlMuZGF0YU8RAjIAAAAAAjIAAgAADE1hY2ludG9zaCBIRAAAAAAAAAAAAAAAAAAAAMlb0QlIKwAAANo22B9Eb21haW4tU3BlY2lmaWMgTGFuZyNEQTM2OEYucGRmAAAAAAAAAAAAAAAAAAAAAAAAAAAAAAAAAAAAAAAAAAAA2jaPyhvdNAAAAAAAAAAAAAIABAAACSAAAAAAAAAAAAAAAAAAAAAHRGV1cnNlbgAAEAAIAADJW1J5AAAAEQAIAADKG16kAAAAAQAUANo22AALbjwABauMAAWrfwAAkZ0AAgBTTWFjaW50b3NoIEhEOlVzZXJzOnNlcmdlOkRvY3VtZW50czpBcnRpY2xlczpEZXVyc2VuOkRvbWFpbi1TcGVjaWZpYyBMYW5nI0RBMzY4Ri5wZGYAAA4AcgA4AEQAbwBtAGEAaQBuAC0AUwBwAGUAYwBpAGYAaQBjACAATABhAG4AZwB1AGEAZwBlAHMAIABBAG4AIABBAG4AbgBvAHQAYQB0AGUAZAAgAEIAaQBiAGwAaQBvAGcAcgBhAHAAcABoAHkALgBwAGQAZgAPABoADABNAGEAYwBpAG4AdABvAHMAaAAgAEgARAASAF9Vc2Vycy9zZXJnZS9Eb2N1bWVudHMvQXJ0aWNsZXMvRGV1cnNlbi9Eb21haW4tU3BlY2lmaWMgTGFuZ3VhZ2VzIEFuIEFubm90YXRlZCBCaWJsaW9ncmFwcGh5LnBkZgAAEwABLwAAFQACAAz//wAAgAXSHB0eH1gkY2xhc3Nlc1okY2xhc3NuYW1lox8gIV1OU011dGFibGVEYXRhVk5TRGF0YVhOU09iamVjdF8QWS4uLy4uL0RvY3VtZW50cy9BcnRpY2xlcy9EZXVyc2VuL0RvbWFpbi1TcGVjaWZpYyBMYW5ndWFnZXMgQW4gQW5ub3RhdGVkIEJpYmxpb2dyYXBwaHkucGRm0hwdJCWiJSFcTlNEaWN0aW9uYXJ5EgABhqBfEA9OU0tleWVkQXJjaGl2ZXIACAARABYAHwAoADIANQA6ADwARQBLAFIAXQBlAGwAbwBxAHMAdgB4AHoAfACGAJMAmACgAtYC2ALdAuYC8QL1AwMDCgMTA28DdAN3A4QDiQAAAAAAAAIBAAAAAAAAACgAAAAAAAAAAAAAAAAAAAOb}}

@article{Horswill:2000,
	Abstract = {In this paper, I describe a simple functional programming language, GRL, in which most of the characteristic features of the popular behavior-based robot architectures 
can be concisely written as reusable software abstractions.  This makes it easier to write clear, modular code, to ``mix and match'' arbitration mechanisms, and to 
experiment with variations on existing mechanisms.},
	Author = {Horswill, Ian Douglas},
	Date-Added = {2011-10-12 11:59:48 +0700},
	Date-Modified = {2011-10-12 11:59:48 +0700},
	Journal = {Autonomous Robots},
	Keywords = {robotics},
	Pages = {83-93},
	Title = {Functional Programming of Behavior-Based Systems},
	Volume = {9},
	Year = {2000},
	Bdsk-File-1 = {YnBsaXN0MDDUAQIDBAUIJidUJHRvcFgkb2JqZWN0c1gkdmVyc2lvblkkYXJjaGl2ZXLRBgdUcm9vdIABqAkKFRYXGyIjVSRudWxs0wsMDQ4RFFpOUy5vYmplY3RzV05TLmtleXNWJGNsYXNzog8QgASABqISE4ACgAOAB1lhbGlhc0RhdGFccmVsYXRpdmVQYXRo0hgNGRpXTlMuZGF0YU8RAioAAAAAAioAAgAADE1hY2ludG9zaCBIRAAAAAAAAAAAAAAAAAAAAMlb0QlIKwAAAAt2pB9GdW5jdGlvbmFsIFByb2dyYW1taW4jQjc2QTgucGRmAAAAAAAAAAAAAAAAAAAAAAAAAAAAAAAAAAAAAAAAAAAAC3aowFHL8D8/Pz8/Pz8/AAIABAAACSAAAAAAAAAAAAAAAAAAAAAIaG9yc3dpbGwAEAAIAADJW1J5AAAAEQAIAADAUU1gAAAAAQAUAAt2pAALbjwABauMAAWrfwAAkZ0AAgBUTWFjaW50b3NoIEhEOlVzZXJzOnNlcmdlOkRvY3VtZW50czpBcnRpY2xlczpob3Jzd2lsbDpGdW5jdGlvbmFsIFByb2dyYW1taW4jQjc2QTgucGRmAA4AbAA1AEYAdQBuAGMAdABpAG8AbgBhAGwAIABQAHIAbwBnAHIAYQBtAG0AaQBuAGcAIABvAGYAIABCAGUAaABhAHYAaQBvAHIALQBCAGEAcwBlAGQAIABTAHkAcwB0AGUAbQBzADAALgBwAGQAZgAPABoADABNAGEAYwBpAG4AdABvAHMAaAAgAEgARAASAF1Vc2Vycy9zZXJnZS9Eb2N1bWVudHMvQXJ0aWNsZXMvaG9yc3dpbGwvRnVuY3Rpb25hbCBQcm9ncmFtbWluZyBvZiBCZWhhdmlvci1CYXNlZCBTeXN0ZW1zMC5wZGYAABMAAS8AABUAAgAM//8AAIAF0hwdHh9YJGNsYXNzZXNaJGNsYXNzbmFtZaMfICFdTlNNdXRhYmxlRGF0YVZOU0RhdGFYTlNPYmplY3RfEFcuLi8uLi9Eb2N1bWVudHMvQXJ0aWNsZXMvaG9yc3dpbGwvRnVuY3Rpb25hbCBQcm9ncmFtbWluZyBvZiBCZWhhdmlvci1CYXNlZCBTeXN0ZW1zMC5wZGbSHB0kJaIlIVxOU0RpY3Rpb25hcnkSAAGGoF8QD05TS2V5ZWRBcmNoaXZlcgAIABEAFgAfACgAMgA1ADoAPABFAEsAUgBdAGUAbABvAHEAcwB2AHgAegB8AIYAkwCYAKACzgLQAtUC3gLpAu0C+wMCAwsDZQNqA20DegN/AAAAAAAAAgEAAAAAAAAAKAAAAAAAAAAAAAAAAAAAA5E=}}

@inproceedings{Pembeci:2002fc,
	Author = {Izzet Pembeci and Henrik Nilsson and Gregory Hager},
	Booktitle = {PPDP'2002},
	Date-Added = {2011-10-12 11:59:48 +0700},
	Date-Modified = {2011-10-12 11:59:48 +0700},
	Editor = {ACM},
	Keywords = {DSL, robotics},
	Pages = {168-179},
	Title = {System Presentation - Functional Reactive Robotics: An Exercice in Principles Integration of Domain-Specific Languages},
	Year = {2002},
	Bdsk-File-1 = {YnBsaXN0MDDUAQIDBAUIJidUJHRvcFgkb2JqZWN0c1gkdmVyc2lvblkkYXJjaGl2ZXLRBgdUcm9vdIABqAkKFRYXGyIjVSRudWxs0wsMDQ4RFFpOUy5vYmplY3RzV05TLmtleXNWJGNsYXNzog8QgASABqISE4ACgAOAB1lhbGlhc0RhdGFccmVsYXRpdmVQYXRo0hgNGRpXTlMuZGF0YU8RAi4AAAAAAi4AAgAADE1hY2ludG9zaCBIRAAAAAAAAAAAAAAAAAAAAMlb0QlIKwAAAAtzuh9TeXN0ZW0gUHJlc2VudGF0aW9uIC0jQjczQkQucGRmAAAAAAAAAAAAAAAAAAAAAAAAAAAAAAAAAAAAAAAAAAAAC3O9xEEE0lBERiBwcnZ3AAIABAAACSAAAAAAAAAAAAAAAAAAAAAHUGVtYmVjaQAAEAAIAADJW1J5AAAAEQAIAADEQIZCAAAAAQAUAAtzugALbjwABauMAAWrfwAAkZ0AAgBTTWFjaW50b3NoIEhEOlVzZXJzOnNlcmdlOkRvY3VtZW50czpBcnRpY2xlczpQZW1iZWNpOlN5c3RlbSBQcmVzZW50YXRpb24gLSNCNzNCRC5wZGYAAA4AcAA3AFMAeQBzAHQAZQBtACAAUAByAGUAcwBlAG4AdABhAHQAaQBvAG4AIAAtACAARgB1AG4AYwB0AGkAbwBuAGEAbAAgAFIAZQBhAGMAdABpAHYAZQAgAFIAbwBiAG8AdABpAGMAcwAvAC4AcABkAGYADwAaAAwATQBhAGMAaQBuAHQAbwBzAGgAIABIAEQAEgBeVXNlcnMvc2VyZ2UvRG9jdW1lbnRzL0FydGljbGVzL1BlbWJlY2kvU3lzdGVtIFByZXNlbnRhdGlvbiAtIEZ1bmN0aW9uYWwgUmVhY3RpdmUgUm9ib3RpY3M6LnBkZgATAAEvAAAVAAIADP//AACABdIcHR4fWCRjbGFzc2VzWiRjbGFzc25hbWWjHyAhXU5TTXV0YWJsZURhdGFWTlNEYXRhWE5TT2JqZWN0XxBYLi4vLi4vRG9jdW1lbnRzL0FydGljbGVzL1BlbWJlY2kvU3lzdGVtIFByZXNlbnRhdGlvbiAtIEZ1bmN0aW9uYWwgUmVhY3RpdmUgUm9ib3RpY3M6LnBkZtIcHSQloiUhXE5TRGljdGlvbmFyeRIAAYagXxAPTlNLZXllZEFyY2hpdmVyAAgAEQAWAB8AKAAyADUAOgA8AEUASwBSAF0AZQBsAG8AcQBzAHYAeAB6AHwAhgCTAJgAoALSAtQC2QLiAu0C8QL/AwYDDwNqA28DcgN/A4QAAAAAAAACAQAAAAAAAAAoAAAAAAAAAAAAAAAAAAADlg==}}

@inproceedings{Hammond:2003fk,
	Author = {Kevin Hammond and Greg Michaelson},
	Booktitle = {GPCE 2003},
	Date-Added = {2011-10-12 11:59:48 +0700},
	Date-Modified = {2011-10-12 11:59:48 +0700},
	Editor = {Springer-Verlag},
	Keywords = {DSL},
	Pages = {37-56},
	Title = {Hume: A Domain-Specific Language for Real-Time Embedded Systems},
	Volume = {2830},
	Year = {2003},
	Bdsk-File-1 = {YnBsaXN0MDDUAQIDBAUIJidUJHRvcFgkb2JqZWN0c1gkdmVyc2lvblkkYXJjaGl2ZXLRBgdUcm9vdIABqAkKFRYXGyIjVSRudWxs0wsMDQ4RFFpOUy5vYmplY3RzV05TLmtleXNWJGNsYXNzog8QgASABqISE4ACgAOAB1lhbGlhc0RhdGFccmVsYXRpdmVQYXRo0hgNGRpXTlMuZGF0YU8RAjgAAAAAAjgAAgAADE1hY2ludG9zaCBIRAAAAAAAAAAAAAAAAAAAAMlb0QlIKwAAAAtxhh9IdW1lIEEgRG9tYWluLVNwZWNpZmkjQjcxODcucGRmAAAAAAAAAAAAAAAAAAAAAAAAAAAAAAAAAAAAAAAAAAAAC3GHxqdEDQAAAAAAAAAAAAIABAAACSAAAAAAAAAAAAAAAAAAAAAHSGFtbW9uZAAAEAAIAADJW1J5AAAAEQAIAADGpsV9AAAAAQAUAAtxhgALbjwABauMAAWrfwAAkZ0AAgBTTWFjaW50b3NoIEhEOlVzZXJzOnNlcmdlOkRvY3VtZW50czpBcnRpY2xlczpIYW1tb25kOkh1bWUgQSBEb21haW4tU3BlY2lmaSNCNzE4Ny5wZGYAAA4AdgA6AEgAdQBtAGUAIABBACAARABvAG0AYQBpAG4ALQBTAHAAZQBjAGkAZgBpAGMAIABMAGEAbgBnAHUAYQBnAGUAIABmAG8AcgAgAFIAZQBhAGwALQBUAGkAbQBlACAARQBtAGIAZQBkAGQAZQBkAC4AcABkAGYADwAaAAwATQBhAGMAaQBuAHQAbwBzAGgAIABIAEQAEgBhVXNlcnMvc2VyZ2UvRG9jdW1lbnRzL0FydGljbGVzL0hhbW1vbmQvSHVtZSBBIERvbWFpbi1TcGVjaWZpYyBMYW5ndWFnZSBmb3IgUmVhbC1UaW1lIEVtYmVkZGVkLnBkZgAAEwABLwAAFQACAAz//wAAgAXSHB0eH1gkY2xhc3Nlc1okY2xhc3NuYW1lox8gIV1OU011dGFibGVEYXRhVk5TRGF0YVhOU09iamVjdF8QWy4uLy4uL0RvY3VtZW50cy9BcnRpY2xlcy9IYW1tb25kL0h1bWUgQSBEb21haW4tU3BlY2lmaWMgTGFuZ3VhZ2UgZm9yIFJlYWwtVGltZSBFbWJlZGRlZC5wZGbSHB0kJaIlIVxOU0RpY3Rpb25hcnkSAAGGoF8QD05TS2V5ZWRBcmNoaXZlcgAIABEAFgAfACgAMgA1ADoAPABFAEsAUgBdAGUAbABvAHEAcwB2AHgAegB8AIYAkwCYAKAC3ALeAuMC7AL3AvsDCQMQAxkDdwN8A38DjAORAAAAAAAAAgEAAAAAAAAAKAAAAAAAAAAAAAAAAAAAA6M=}}

@phdthesis{Welborn:2005dg,
	Author = {Curtis Ray Welborn},
	Date-Added = {2011-10-12 11:59:48 +0700},
	Date-Modified = {2011-10-12 11:59:48 +0700},
	Keywords = {DSL, robotics},
	School = {Texas Tech University},
	Title = {Specifying a Domain Specific Language for Cooperative Robotics},
	Year = {2005},
	Bdsk-File-1 = {YnBsaXN0MDDUAQIDBAUIJidUJHRvcFgkb2JqZWN0c1gkdmVyc2lvblkkYXJjaGl2ZXLRBgdUcm9vdIABqAkKFRYXGyIjVSRudWxs0wsMDQ4RFFpOUy5vYmplY3RzV05TLmtleXNWJGNsYXNzog8QgASABqISE4ACgAOAB1lhbGlhc0RhdGFccmVsYXRpdmVQYXRo0hgNGRpXTlMuZGF0YU8RAjQAAAAAAjQAAgAADE1hY2ludG9zaCBIRAAAAAAAAAAAAAAAAAAAAMlb0QlIKwAAAAt1TB9TcGVjaWZ5aW5nIGEgRG9tYWluIFMjQjc1NEQucGRmAAAAAAAAAAAAAAAAAAAAAAAAAAAAAAAAAAAAAAAAAAAAC3VNw9E3jVBERiBwcnZ3AAIABAAACSAAAAAAAAAAAAAAAAAAAAAHV2VsYm9ybgAAEAAIAADJW1J5AAAAEQAIAADD0Lj9AAAAAQAUAAt1TAALbjwABauMAAWrfwAAkZ0AAgBTTWFjaW50b3NoIEhEOlVzZXJzOnNlcmdlOkRvY3VtZW50czpBcnRpY2xlczpXZWxib3JuOlNwZWNpZnlpbmcgYSBEb21haW4gUyNCNzU0RC5wZGYAAA4AdAA5AFMAcABlAGMAaQBmAHkAaQBuAGcAIABhACAARABvAG0AYQBpAG4AIABTAHAAZQBjAGkAZgBpAGMAIABMAGEAbgBnAHUAYQBnAGUAIABmAG8AcgAgAEMAbwBvAHAAZQByAGEAdABpAHYAZQAuAHAAZABmAA8AGgAMAE0AYQBjAGkAbgB0AG8AcwBoACAASABEABIAYFVzZXJzL3NlcmdlL0RvY3VtZW50cy9BcnRpY2xlcy9XZWxib3JuL1NwZWNpZnlpbmcgYSBEb21haW4gU3BlY2lmaWMgTGFuZ3VhZ2UgZm9yIENvb3BlcmF0aXZlLnBkZgATAAEvAAAVAAIADP//AACABdIcHR4fWCRjbGFzc2VzWiRjbGFzc25hbWWjHyAhXU5TTXV0YWJsZURhdGFWTlNEYXRhWE5TT2JqZWN0XxBaLi4vLi4vRG9jdW1lbnRzL0FydGljbGVzL1dlbGJvcm4vU3BlY2lmeWluZyBhIERvbWFpbiBTcGVjaWZpYyBMYW5ndWFnZSBmb3IgQ29vcGVyYXRpdmUucGRm0hwdJCWiJSFcTlNEaWN0aW9uYXJ5EgABhqBfEA9OU0tleWVkQXJjaGl2ZXIACAARABYAHwAoADIANQA6ADwARQBLAFIAXQBlAGwAbwBxAHMAdgB4AHoAfACGAJMAmACgAtgC2gLfAugC8wL3AwUDDAMVA3IDdwN6A4cDjAAAAAAAAAIBAAAAAAAAACgAAAAAAAAAAAAAAAAAAAOe}}

@inproceedings{Baillie:2005,
	Abstract = {The growing diversity and complexity of existing robotic devices like humanoids, animal-like robots or wheeled robots, lead to the development of several incompatible software interfaces to control these robots. We believe that there is a need for a standard which could be universal, powerful and easy to use. The open source project URBI, a Universal Robotic Body Interface, aims at providing the ground for such a standard. It is based on a client/server architecture where the server is running on the robot and accessed by the client, on the robot or remotely via TCP/IP. The URBI language is a scripted language used by the client and capable of controlling the joints of the robot or access its sensors, camera, speakers or any accessible part of the machine. We present in this article an introduction to URBI and we describe how URBI differs from currently existing solutions. As an example making use of URBI-specific features, we present a simple perturbative approach to walk pattern generation, with URBI running on a ERS7 Aibo robot.},
	Author = {Baillie, Jean-Christophe},
	Booktitle = {IEEE/RSJ International Conference on Intelligent Robots and Systems},
	Date-Added = {2011-10-12 11:59:48 +0700},
	Date-Modified = {2011-10-12 11:59:48 +0700},
	Pages = {820-825},
	Title = {URBI: Towards a Universal Robotic Low-Level Programming Language},
	Year = {2005},
	Bdsk-File-1 = {YnBsaXN0MDDUAQIDBAUIJidUJHRvcFgkb2JqZWN0c1gkdmVyc2lvblkkYXJjaGl2ZXLRBgdUcm9vdIABqAkKFRYXGyIjVSRudWxs0wsMDQ4RFFpOUy5vYmplY3RzV05TLmtleXNWJGNsYXNzog8QgASABqISE4ACgAOAB1lhbGlhc0RhdGFccmVsYXRpdmVQYXRo0hgNGRpXTlMuZGF0YU8RAhYAAAAAAhYAAgAADE1hY2ludG9zaCBIRAAAAAAAAAAAAAAAAAAAAMlb0QlIKwAAAAt2Ax9VUkJJLyBUb3dhcmRzIGEgVW5pdmUjQjc2MDUucGRmAAAAAAAAAAAAAAAAAAAAAAAAAAAAAAAAAAAAAAAAAAAAC3YFv8PPQT8/Pz8/Pz8/AAIABAAACSAAAAAAAAAAAAAAAAAAAAAHYmFpbGxpZQAAEAAIAADJW1J5AAAAEQAIAAC/w1CxAAAAAQAUAAt2AwALbjwABauMAAWrfwAAkZ0AAgBTTWFjaW50b3NoIEhEOlVzZXJzOnNlcmdlOkRvY3VtZW50czpBcnRpY2xlczpiYWlsbGllOlVSQkkvIFRvd2FyZHMgYSBVbml2ZSNCNzYwNS5wZGYAAA4AYAAvAFUAUgBCAEkALwAgAFQAbwB3AGEAcgBkAHMAIABhACAAVQBuAGkAdgBlAHIAcwBhAGwAIABSAG8AYgBvAHQAaQBjACAATABvAHcALQBMAGUAdgBlAGwALgBwAGQAZgAPABoADABNAGEAYwBpAG4AdABvAHMAaAAgAEgARAASAFZVc2Vycy9zZXJnZS9Eb2N1bWVudHMvQXJ0aWNsZXMvYmFpbGxpZS9VUkJJOiBUb3dhcmRzIGEgVW5pdmVyc2FsIFJvYm90aWMgTG93LUxldmVsLnBkZgATAAEvAAAVAAIADP//AACABdIcHR4fWCRjbGFzc2VzWiRjbGFzc25hbWWjHyAhXU5TTXV0YWJsZURhdGFWTlNEYXRhWE5TT2JqZWN0XxBQLi4vLi4vRG9jdW1lbnRzL0FydGljbGVzL2JhaWxsaWUvVVJCSTogVG93YXJkcyBhIFVuaXZlcnNhbCBSb2JvdGljIExvdy1MZXZlbC5wZGbSHB0kJaIlIVxOU0RpY3Rpb25hcnkSAAGGoF8QD05TS2V5ZWRBcmNoaXZlcgAIABEAFgAfACgAMgA1ADoAPABFAEsAUgBdAGUAbABvAHEAcwB2AHgAegB8AIYAkwCYAKACugK8AsECygLVAtkC5wLuAvcDSgNPA1IDXwNkAAAAAAAAAgEAAAAAAAAAKAAAAAAAAAAAAAAAAAAAA3Y=}}

@inproceedings{Collett:2005bq,
	Address = {Sydney, Australia},
	Author = {Toby H.J. Collett and Bruce A. MacDonald and Brian P. Gerkey},
	Booktitle = {Proceedings of the Australasian Conference on Robotics and Automation (ACRA 2005)},
	Date-Added = {2011-10-12 11:59:48 +0700},
	Date-Modified = {2011-10-12 11:59:48 +0700},
	Month = {December},
	Title = {Player 2.0: Toward a Practical Robot Programming Framework},
	Year = {2005}}

@inproceedings{Schultz:2007le,
	Author = {Ulrik P. Schultz and David Christensen and Kasper Stoy},
	Date-Added = {2011-10-12 11:59:48 +0700},
	Date-Modified = {2011-10-12 11:59:48 +0700},
	Keywords = {DSL, robotics},
	Title = {A Domain-Specific Language for Programming Self-Reconfigurable Robots},
	Year = {2007},
	Bdsk-File-1 = {YnBsaXN0MDDUAQIDBAUIJidUJHRvcFgkb2JqZWN0c1gkdmVyc2lvblkkYXJjaGl2ZXLRBgdUcm9vdIABqAkKFRYXGyIjVSRudWxs0wsMDQ4RFFpOUy5vYmplY3RzV05TLmtleXNWJGNsYXNzog8QgASABqISE4ACgAOAB1lhbGlhc0RhdGFccmVsYXRpdmVQYXRo0hgNGRpXTlMuZGF0YU8RAmIAAAAAAmIAAgAADE1hY2ludG9zaCBIRAAAAAAAAAAAAAAAAAAAAMlb0QlIKwAAAAt0XR9BIERvbWFpbi1TcGVjad5jIExhbmcjQjc0NUUucGRmAAAAAAAAAAAAAAAAAAAAAAAAAAAAAAAAAAAAAAAAAAAAC3RexPdSmgAAAAAAAAAAAAIABAAACSAAAAAAAAAAAAAAAAAAAAAHU2NodWx0egAAEAAIAADJW1J5AAAAEQAIAADE9tQKAAAAAQAUAAt0XQALbjwABauMAAWrfwAAkZ0AAgBTTWFjaW50b3NoIEhEOlVzZXJzOnNlcmdlOkRvY3VtZW50czpBcnRpY2xlczpTY2h1bHR6OkEgRG9tYWluLVNwZWNp3mMgTGFuZyNCNzQ1RS5wZGYAAA4AkABHAEEAIABEAG8AbQBhAGkAbgAtAFMAcABlAGMAafsBAGMAIABMAGEAbgBnAHUAYQBnAGUAIABmAG8AcgAgAFAAcgBvAGcAcgBhAG0AbQBpAG4AZwAgAFMAZQBsAGYALQBSAGUAYwBvAG77AQBnAHUAcgBhAGIAbABlACAAUgBvAGIAbwB0AHMALgBwAGQAZgAPABoADABNAGEAYwBpAG4AdABvAHMAaAAgAEgARAASAHJVc2Vycy9zZXJnZS9Eb2N1bWVudHMvQXJ0aWNsZXMvU2NodWx0ei9BIERvbWFpbi1TcGVjae+sgWMgTGFuZ3VhZ2UgZm9yIFByb2dyYW1taW5nIFNlbGYtUmVjb27vrIFndXJhYmxlIFJvYm90cy5wZGYAEwABLwAAFQACAAz//wAAgAXSHB0eH1gkY2xhc3Nlc1okY2xhc3NuYW1lox8gIV1OU011dGFibGVEYXRhVk5TRGF0YVhOU09iamVjdG8QaAAuAC4ALwAuAC4ALwBEAG8AYwB1AG0AZQBuAHQAcwAvAEEAcgB0AGkAYwBsAGUAcwAvAFMAYwBoAHUAbAB0AHoALwBBACAARABvAG0AYQBpAG4ALQBTAHAAZQBjAGn7AQBjACAATABhAG4AZwB1AGEAZwBlACAAZgBvAHIAIABQAHIAbwBnAHIAYQBtAG0AaQBuAGcAIABTAGUAbABmAC0AUgBlAGMAbwBu+wEAZwB1AHIAYQBiAGwAZQAgAFIAbwBiAG8AdABzAC4AcABkAGbSHB0kJaIlIVxOU0RpY3Rpb25hcnkSAAGGoF8QD05TS2V5ZWRBcmNoaXZlcgAIABEAFgAfACgAMgA1ADoAPABFAEsAUgBdAGUAbABvAHEAcwB2AHgAegB8AIYAkwCYAKADBgMIAw0DFgMhAyUDMwM6A0MEFgQbBB4EKwQwAAAAAAAAAgEAAAAAAAAAKAAAAAAAAAAAAAAAAAAABEI=}}

@book{:2007fk,
	Abstract = {This book collects contributions that describe the state of the art in software development for the Robotics domain. It reports on innovative ideas that are progressively introduced in the software development process, in order to promote the reuse of robotic software artifacts: domain engineering, components, frameworks and architectural styles. It illustrates the results of the most successful and well-known research projects which aim to develop reusable robotic software systems. Most of the chapters report on concepts and ideas discussed at the ICRA2005 Workshop on "Principles and Practice of Software Development in Robotics", Barcelona, Spain, April 18 2005.},
	Address = {Berlin / Heidelberg},
	Date-Added = {2011-10-12 11:59:48 +0700},
	Date-Modified = {2011-10-12 11:59:48 +0700},
	Editor = {Davide Brugali},
	Publisher = {Springer-Verlag},
	Series = {Springer Tracts in Advanced Robotics},
	Title = {Software Engineering for Experimental Robotics},
	Volume = {30},
	Year = {2007},
	Bdsk-File-1 = {YnBsaXN0MDDUAQIDBAUIJidUJHRvcFgkb2JqZWN0c1gkdmVyc2lvblkkYXJjaGl2ZXLRBgdUcm9vdIABqAkKFRYXGyIjVSRudWxs0wsMDQ4RFFpOUy5vYmplY3RzV05TLmtleXNWJGNsYXNzog8QgASABqISE4ACgAOAB1lhbGlhc0RhdGFccmVsYXRpdmVQYXRo0hgNGRpXTlMuZGF0YU8RAc4AAAAAAc4AAgAADE1hY2ludG9zaCBIRAAAAAAAAAAAAAAAAAAAAMlb0QlIKwAAAAt/pxZCb29rIDIwMDcgU3ByaW5nZXIucGRmAAAAAAAAAAAAAAAAAAAAAAAAAAAAAAAAAAAAAAAAAAAAAAAAAAAAAAAAC3+oxiOcRlBERiAAAAAAAAIABQAACSAAAAAAAAAAAAAAAAAAAAAIU3ByaW5nZXIAEAAIAADJW1J5AAAAEQAIAADGIx22AAAAAQAYAAt/pwALf3EAC32+AAWrjAAFq38AAJGdAAIATk1hY2ludG9zaCBIRDpVc2VyczpzZXJnZTpEb2N1bWVudHM6UGFwZXJzOjIwMDc6U3ByaW5nZXI6Qm9vayAyMDA3IFNwcmluZ2VyLnBkZgAOAC4AFgBCAG8AbwBrACAAMgAwADAANwAgAFMAcAByAGkAbgBnAGUAcgAuAHAAZABmAA8AGgAMAE0AYQBjAGkAbgB0AG8AcwBoACAASABEABIAQVVzZXJzL3NlcmdlL0RvY3VtZW50cy9QYXBlcnMvMjAwNy9TcHJpbmdlci9Cb29rIDIwMDcgU3ByaW5nZXIucGRmAAATAAEvAAAVAAIADP//AACABdIcHR4fWCRjbGFzc2VzWiRjbGFzc25hbWWjHyAhXU5TTXV0YWJsZURhdGFWTlNEYXRhWE5TT2JqZWN0XxA7Li4vLi4vRG9jdW1lbnRzL1BhcGVycy8yMDA3L1NwcmluZ2VyL0Jvb2sgMjAwNyBTcHJpbmdlci5wZGbSHB0kJaIlIVxOU0RpY3Rpb25hcnkSAAGGoF8QD05TS2V5ZWRBcmNoaXZlcgAIABEAFgAfACgAMgA1ADoAPABFAEsAUgBdAGUAbABvAHEAcwB2AHgAegB8AIYAkwCYAKACcgJ0AnkCggKNApECnwKmAq8C7QLyAvUDAgMHAAAAAAAAAgEAAAAAAAAAKAAAAAAAAAAAAAAAAAAAAxk=}}

@inproceedings{Brugali:2007uq,
	Author = {Davide Brugali},
	Booktitle = {IROS 2007 workshop on Evaluation of Robotic Software Systems},
	Date-Added = {2011-10-12 11:59:48 +0700},
	Date-Modified = {2011-10-12 11:59:48 +0700},
	Keywords = {robotics, variability},
	Title = {Designing Stable Robot Architectures: the AnyMorphology Design Pattern},
	Year = {2007},
	Bdsk-File-1 = {YnBsaXN0MDDUAQIDBAUIJidUJHRvcFgkb2JqZWN0c1gkdmVyc2lvblkkYXJjaGl2ZXLRBgdUcm9vdIABqAkKFRYXGyIjVSRudWxs0wsMDQ4RFFpOUy5vYmplY3RzV05TLmtleXNWJGNsYXNzog8QgASABqISE4ACgAOAB1lhbGlhc0RhdGFccmVsYXRpdmVQYXRo0hgNGRpXTlMuZGF0YU8RAjoAAAAAAjoAAgAADE1hY2ludG9zaCBIRAAAAAAAAAAAAAAAAAAAAMlb0QlIKwAAAAtvnx9EZXNpZ25pbmcgU3RhYmxlIFJvYm8jQjZGQTEucGRmAAAAAAAAAAAAAAAAAAAAAAAAAAAAAAAAAAAAAAAAAAAAC2+hw+pO3QAAAAAAAAAAAAIABAAACSAAAAAAAAAAAAAAAAAAAAAHQnJ1Z2FsaQAAEAAIAADJW1J5AAAAEQAIAADD6dBNAAAAAQAUAAtvnwALbjwABauMAAWrfwAAkZ0AAgBTTWFjaW50b3NoIEhEOlVzZXJzOnNlcmdlOkRvY3VtZW50czpBcnRpY2xlczpCcnVnYWxpOkRlc2lnbmluZyBTdGFibGUgUm9ibyNCNkZBMS5wZGYAAA4AeAA7AEQAZQBzAGkAZwBuAGkAbgBnACAAUwB0AGEAYgBsAGUAIABSAG8AYgBvAHQAIABBAHIAYwBoAGkAdABlAGMAdAB1AHIAZQBzAC8AIAB0AGgAZQAgAEEAbgB5AE0AbwByAHAAaABvAGwAbwBnAHkALgBwAGQAZgAPABoADABNAGEAYwBpAG4AdABvAHMAaAAgAEgARAASAGJVc2Vycy9zZXJnZS9Eb2N1bWVudHMvQXJ0aWNsZXMvQnJ1Z2FsaS9EZXNpZ25pbmcgU3RhYmxlIFJvYm90IEFyY2hpdGVjdHVyZXM6IHRoZSBBbnlNb3JwaG9sb2d5LnBkZgATAAEvAAAVAAIADP//AACABdIcHR4fWCRjbGFzc2VzWiRjbGFzc25hbWWjHyAhXU5TTXV0YWJsZURhdGFWTlNEYXRhWE5TT2JqZWN0XxBcLi4vLi4vRG9jdW1lbnRzL0FydGljbGVzL0JydWdhbGkvRGVzaWduaW5nIFN0YWJsZSBSb2JvdCBBcmNoaXRlY3R1cmVzOiB0aGUgQW55TW9ycGhvbG9neS5wZGbSHB0kJaIlIVxOU0RpY3Rpb25hcnkSAAGGoF8QD05TS2V5ZWRBcmNoaXZlcgAIABEAFgAfACgAMgA1ADoAPABFAEsAUgBdAGUAbABvAHEAcwB2AHgAegB8AIYAkwCYAKAC3gLgAuUC7gL5Av0DCwMSAxsDegN/A4IDjwOUAAAAAAAAAgEAAAAAAAAAKAAAAAAAAAAAAAAAAAAAA6Y=}}

@article{Brugali:2007oq,
	Author = {Davide Brugali and Alex Brooks and Anthony Cowley and Carle C{\^o}t{\'e} and Antonio C. Dominguez-Brito and Dominic L{\'e}tourneau and Fran{\c c}is Michaud and Christian Schlegel},
	Date-Added = {2011-10-12 11:59:48 +0700},
	Date-Modified = {2011-10-12 11:59:48 +0700},
	Journal = {Software Engineering for Experimental Robotics},
	Pages = {135--142},
	Title = {Trends in Components-Based Robotics},
	Year = {2007},
	Bdsk-File-1 = {YnBsaXN0MDDUAQIDBAUIJidUJHRvcFgkb2JqZWN0c1gkdmVyc2lvblkkYXJjaGl2ZXLRBgdUcm9vdIABqAkKFRYXGyIjVSRudWxs0wsMDQ4RFFpOUy5vYmplY3RzV05TLmtleXNWJGNsYXNzog8QgASABqISE4ACgAOAB1lhbGlhc0RhdGFccmVsYXRpdmVQYXRo0hgNGRpXTlMuZGF0YU8RAf4AAAAAAf4AAgAADE1hY2ludG9zaCBIRAAAAAAAAAAAAAAAAAAAAMlb0QlIKwAAAAtvnx9UcmVuZHMgaW4gQ29tcG9uZW50cy0jQjZGQTUucGRmAAAAAAAAAAAAAAAAAAAAAAAAAAAAAAAAAAAAAAAAAAAAC2+lxeg0n1BERiBDQVJPAAIABAAACSAAAAAAAAAAAAAAAAAAAAAHQnJ1Z2FsaQAAEAAIAADJW1J5AAAAEQAIAADF57YPAAAAAQAUAAtvnwALbjwABauMAAWrfwAAkZ0AAgBTTWFjaW50b3NoIEhEOlVzZXJzOnNlcmdlOkRvY3VtZW50czpBcnRpY2xlczpCcnVnYWxpOlRyZW5kcyBpbiBDb21wb25lbnRzLSNCNkZBNS5wZGYAAA4AUAAnAFQAcgBlAG4AZABzACAAaQBuACAAQwBvAG0AcABvAG4AZQBuAHQAcwAtAEIAYQBzAGUAZAAgAFIAbwBiAG8AdABpAGMAcwAuAHAAZABmAA8AGgAMAE0AYQBjAGkAbgB0AG8AcwBoACAASABEABIATlVzZXJzL3NlcmdlL0RvY3VtZW50cy9BcnRpY2xlcy9CcnVnYWxpL1RyZW5kcyBpbiBDb21wb25lbnRzLUJhc2VkIFJvYm90aWNzLnBkZgATAAEvAAAVAAIADP//AACABdIcHR4fWCRjbGFzc2VzWiRjbGFzc25hbWWjHyAhXU5TTXV0YWJsZURhdGFWTlNEYXRhWE5TT2JqZWN0XxBILi4vLi4vRG9jdW1lbnRzL0FydGljbGVzL0JydWdhbGkvVHJlbmRzIGluIENvbXBvbmVudHMtQmFzZWQgUm9ib3RpY3MucGRm0hwdJCWiJSFcTlNEaWN0aW9uYXJ5EgABhqBfEA9OU0tleWVkQXJjaGl2ZXIACAARABYAHwAoADIANQA6ADwARQBLAFIAXQBlAGwAbwBxAHMAdgB4AHoAfACGAJMAmACgAqICpAKpArICvQLBAs8C1gLfAyoDLwMyAz8DRAAAAAAAAAIBAAAAAAAAACgAAAAAAAAAAAAAAAAAAANW}}

@inproceedings{Martin:2008vn,
	Author = {Patrick Martin and Jean-Pierre de la Croix and Magnus Egerstedt},
	Date-Added = {2011-10-12 11:59:48 +0700},
	Date-Modified = {2011-10-12 11:59:48 +0700},
	Title = {MDLn: A Motion Description Language for Networked Systems},
	Year = {2008},
	Bdsk-File-1 = {YnBsaXN0MDDUAQIDBAUIJidUJHRvcFgkb2JqZWN0c1gkdmVyc2lvblkkYXJjaGl2ZXLRBgdUcm9vdIABqAkKFRYXGyIjVSRudWxs0wsMDQ4RFFpOUy5vYmplY3RzV05TLmtleXNWJGNsYXNzog8QgASABqISE4ACgAOAB1lhbGlhc0RhdGFccmVsYXRpdmVQYXRo0hgNGRpXTlMuZGF0YU8RAiAAAAAAAiAAAgAADE1hY2ludG9zaCBIRAAAAAAAAAAAAAAAAAAAAMlb0QlIKwAAAAty3x9NRExuIEEgTW90aW9uIERlc2NyaXAjQjcyRTAucGRmAAAAAAAAAAAAAAAAAAAAAAAAAAAAAAAAAAAAAAAAAAAAC3LgyAO9HQAAAAAAAAAAAAIABAAACSAAAAAAAAAAAAAAAAAAAAAGTWFydGluABAACAAAyVtSeQAAABEACAAAyAM+jQAAAAEAFAALct8AC248AAWrjAAFq38AAJGdAAIAUk1hY2ludG9zaCBIRDpVc2VyczpzZXJnZTpEb2N1bWVudHM6QXJ0aWNsZXM6TWFydGluOk1ETG4gQSBNb3Rpb24gRGVzY3JpcCNCNzJFMC5wZGYADgBqADQATQBEAEwAbgAgAEEAIABNAG8AdABpAG8AbgAgAEQAZQBzAGMAcgBpAHAAdABpAG8AbgAgAEwAYQBuAGcAdQBhAGcAZQAgAGYAbwByACAATgBlAHQAdwBvAHIAawBlAGQALgBwAGQAZgAPABoADABNAGEAYwBpAG4AdABvAHMAaAAgAEgARAASAFpVc2Vycy9zZXJnZS9Eb2N1bWVudHMvQXJ0aWNsZXMvTWFydGluL01ETG4gQSBNb3Rpb24gRGVzY3JpcHRpb24gTGFuZ3VhZ2UgZm9yIE5ldHdvcmtlZC5wZGYAEwABLwAAFQACAAz//wAAgAXSHB0eH1gkY2xhc3Nlc1okY2xhc3NuYW1lox8gIV1OU011dGFibGVEYXRhVk5TRGF0YVhOU09iamVjdF8QVC4uLy4uL0RvY3VtZW50cy9BcnRpY2xlcy9NYXJ0aW4vTURMbiBBIE1vdGlvbiBEZXNjcmlwdGlvbiBMYW5ndWFnZSBmb3IgTmV0d29ya2VkLnBkZtIcHSQloiUhXE5TRGljdGlvbmFyeRIAAYagXxAPTlNLZXllZEFyY2hpdmVyAAgAEQAWAB8AKAAyADUAOgA8AEUASwBSAF0AZQBsAG8AcQBzAHYAeAB6AHwAhgCTAJgAoALEAsYCywLUAt8C4wLxAvgDAQNYA10DYANtA3IAAAAAAAACAQAAAAAAAAAoAAAAAAAAAAAAAAAAAAADhA==}}

@inproceedings{Bachrach:2008bs,
	Author = {Jonathan Bachrach and James McLurkin and Anthony Grue},
	Date-Added = {2011-10-12 11:59:48 +0700},
	Date-Modified = {2011-10-12 11:59:48 +0700},
	Keywords = {spatial computing, DSL, robotics},
	Title = {Protoswarm: A Language for Programming Multi-Robot Systems Using the Amorphous Medium Abstraction},
	Year = {2008},
	Bdsk-File-1 = {YnBsaXN0MDDUAQIDBAUIJidUJHRvcFgkb2JqZWN0c1gkdmVyc2lvblkkYXJjaGl2ZXLRBgdUcm9vdIABqAkKFRYXGyIjVSRudWxs0wsMDQ4RFFpOUy5vYmplY3RzV05TLmtleXNWJGNsYXNzog8QgASABqISE4ACgAOAB1lhbGlhc0RhdGFccmVsYXRpdmVQYXRo0hgNGRpXTlMuZGF0YU8RAkQAAAAAAkQAAgAADE1hY2ludG9zaCBIRAAAAAAAAAAAAAAAAAAAAMlb0QlIKwAAAAtuxB9Qcm90b3N3YXJtLyBBIExhbmd1YWcjQjZFQzUucGRmAAAAAAAAAAAAAAAAAAAAAAAAAAAAAAAAAAAAAAAAAAAAC27FxkHemQAAAAAAAAAAAAIABAAACSAAAAAAAAAAAAAAAAAAAAAIQmFjaHJhY2gAEAAIAADJW1J5AAAAEQAIAADGQWAJAAAAAQAUAAtuxAALbjwABauMAAWrfwAAkZ0AAgBUTWFjaW50b3NoIEhEOlVzZXJzOnNlcmdlOkRvY3VtZW50czpBcnRpY2xlczpCYWNocmFjaDpQcm90b3N3YXJtLyBBIExhbmd1YWcjQjZFQzUucGRmAA4AfgA+AFAAcgBvAHQAbwBzAHcAYQByAG0ALwAgAEEAIABMAGEAbgBnAHUAYQBnAGUAIABmAG8AcgAgAFAAcgBvAGcAcgBhAG0AbQBpAG4AZwAgAE0AdQBsAHQAaQAtAFIAbwBiAG8AdAAgAFMAeQBzAHQAZQBtAHMALgBwAGQAZgAPABoADABNAGEAYwBpAG4AdABvAHMAaAAgAEgARAASAGZVc2Vycy9zZXJnZS9Eb2N1bWVudHMvQXJ0aWNsZXMvQmFjaHJhY2gvUHJvdG9zd2FybTogQSBMYW5ndWFnZSBmb3IgUHJvZ3JhbW1pbmcgTXVsdGktUm9ib3QgU3lzdGVtcy5wZGYAEwABLwAAFQACAAz//wAAgAXSHB0eH1gkY2xhc3Nlc1okY2xhc3NuYW1lox8gIV1OU011dGFibGVEYXRhVk5TRGF0YVhOU09iamVjdF8QYC4uLy4uL0RvY3VtZW50cy9BcnRpY2xlcy9CYWNocmFjaC9Qcm90b3N3YXJtOiBBIExhbmd1YWdlIGZvciBQcm9ncmFtbWluZyBNdWx0aS1Sb2JvdCBTeXN0ZW1zLnBkZtIcHSQloiUhXE5TRGljdGlvbmFyeRIAAYagXxAPTlNLZXllZEFyY2hpdmVyAAgAEQAWAB8AKAAyADUAOgA8AEUASwBSAF0AZQBsAG8AcQBzAHYAeAB6AHwAhgCTAJgAoALoAuoC7wL4AwMDBwMVAxwDJQOIA40DkAOdA6IAAAAAAAACAQAAAAAAAAAoAAAAAAAAAAAAAAAAAAADtA==}}

@inproceedings{Schultz:2008vl,
	Author = {Schultz, Ulrik P. and Bordignon Mirko and Christensen, D. and Stoy, Kasper},
	Booktitle = {Trends in Functional Programming},
	Date-Added = {2011-10-12 11:59:48 +0700},
	Date-Modified = {2011-10-12 11:59:48 +0700},
	Keywords = {DSL, robotics},
	Title = {A Functional Language for Programming Self-Reconfigurable Robots},
	Year = {2008},
	Bdsk-File-1 = {YnBsaXN0MDDUAQIDBAUIJidUJHRvcFgkb2JqZWN0c1gkdmVyc2lvblkkYXJjaGl2ZXLRBgdUcm9vdIABqAkKFRYXGyIjVSRudWxs0wsMDQ4RFFpOUy5vYmplY3RzV05TLmtleXNWJGNsYXNzog8QgASABqISE4ACgAOAB1lhbGlhc0RhdGFccmVsYXRpdmVQYXRo0hgNGRpXTlMuZGF0YU8RAlYAAAAAAlYAAgAADE1hY2ludG9zaCBIRAAAAAAAAAAAAAAAAAAAAMlb0QlIKwAAAAt0XR9BIEZ1bmN0aW9uYWwgTGFuZ3VhZ2UjQjc0NUYucGRmAAAAAAAAAAAAAAAAAAAAAAAAAAAAAAAAAAAAAAAAAAAAC3RfxPdR6QAAAAAAAAAAAAIABAAACSAAAAAAAAAAAAAAAAAAAAAHU2NodWx0egAAEAAIAADJW1J5AAAAEQAIAADE9tNZAAAAAQAUAAt0XQALbjwABauMAAWrfwAAkZ0AAgBTTWFjaW50b3NoIEhEOlVzZXJzOnNlcmdlOkRvY3VtZW50czpBcnRpY2xlczpTY2h1bHR6OkEgRnVuY3Rpb25hbCBMYW5ndWFnZSNCNzQ1Ri5wZGYAAA4AigBEAEEAIABGAHUAbgBjAHQAaQBvAG4AYQBsACAATABhAG4AZwB1AGEAZwBlACAAZgBvAHIAIABQAHIAbwBnAHIAYQBtAG0AaQBuAGcAIABTAGUAbABmAC0AUgBlAGMAbwBuAGYAaQBnAHUAcgBhAGIAbABlACAAUgBvAGIAbwB0AHMALgBwAGQAZgAPABoADABNAGEAYwBpAG4AdABvAHMAaAAgAEgARAASAGtVc2Vycy9zZXJnZS9Eb2N1bWVudHMvQXJ0aWNsZXMvU2NodWx0ei9BIEZ1bmN0aW9uYWwgTGFuZ3VhZ2UgZm9yIFByb2dyYW1taW5nIFNlbGYtUmVjb25maWd1cmFibGUgUm9ib3RzLnBkZgAAEwABLwAAFQACAAz//wAAgAXSHB0eH1gkY2xhc3Nlc1okY2xhc3NuYW1lox8gIV1OU011dGFibGVEYXRhVk5TRGF0YVhOU09iamVjdF8QZS4uLy4uL0RvY3VtZW50cy9BcnRpY2xlcy9TY2h1bHR6L0EgRnVuY3Rpb25hbCBMYW5ndWFnZSBmb3IgUHJvZ3JhbW1pbmcgU2VsZi1SZWNvbmZpZ3VyYWJsZSBSb2JvdHMucGRm0hwdJCWiJSFcTlNEaWN0aW9uYXJ5EgABhqBfEA9OU0tleWVkQXJjaGl2ZXIACAARABYAHwAoADIANQA6ADwARQBLAFIAXQBlAGwAbwBxAHMAdgB4AHoAfACGAJMAmACgAvoC/AMBAwoDFQMZAycDLgM3A58DpAOnA7QDuQAAAAAAAAIBAAAAAAAAACgAAAAAAAAAAAAAAAAAAAPL}}

@book{SpringerHandbook:2008fk,
	Address = {Berlin, Heidelberg},
	Date-Added = {2011-10-12 11:59:48 +0700},
	Date-Modified = {2011-10-12 11:59:48 +0700},
	Editor = {B. Siciliano and O. Khatib},
	Keywords = {robotics},
	Publisher = {Springer Verlag},
	Title = {Springer {H}andbook of {R}obotics},
	Year = {2008}}

@inproceedings{Thiry:2008ys,
	Author = {Laurent Thiry and Bernard Thirion},
	Date-Added = {2011-10-12 11:59:48 +0700},
	Date-Modified = {2011-10-12 11:59:48 +0700},
	Keywords = {DSL, robotics},
	Title = {Functional (Meta)Models for the Development of Control Software},
	Year = {2008},
	Bdsk-File-1 = {YnBsaXN0MDDUAQIDBAUIJidUJHRvcFgkb2JqZWN0c1gkdmVyc2lvblkkYXJjaGl2ZXLRBgdUcm9vdIABqAkKFRYXGyIjVSRudWxs0wsMDQ4RFFpOUy5vYmplY3RzV05TLmtleXNWJGNsYXNzog8QgASABqISE4ACgAOAB1lhbGlhc0RhdGFccmVsYXRpdmVQYXRo0hgNGRpXTlMuZGF0YU8RAkwAAAAAAkwAAgAADE1hY2ludG9zaCBIRAAAAAAAAAAAAAAAAAAAAMlb0QlIKwAAAAt0Bx9GdW5jdGlvbmFsIChNZXRhKU1vZGUjQjc0MDgucGRmAAAAAAAAAAAAAAAAAAAAAAAAAAAAAAAAAAAAAAAAAAAAC3QIx066PgAAAAAAAAAAAAIABAAACSAAAAAAAAAAAAAAAAAAAAAFUmhpcnkAABAACAAAyVtSeQAAABEACAAAx047rgAAAAEAFAALdAcAC248AAWrjAAFq38AAJGdAAIAUU1hY2ludG9zaCBIRDpVc2VyczpzZXJnZTpEb2N1bWVudHM6QXJ0aWNsZXM6Umhpcnk6RnVuY3Rpb25hbCAoTWV0YSlNb2RlI0I3NDA4LnBkZgAADgCIAEMARgB1AG4AYwB0AGkAbwBuAGEAbAAgACgATQBlAHQAYQApAE0AbwBkAGUAbABzACAAZgBvAHIAIAB0AGgAZQAgAEQAZQB2AGUAbABvAHAAbQBlAG4AdAAgAG8AZgAgAEMAbwBuAHQAcgBvAGwAIABTAG8AZgB0AHcAYQByAGUALgBwAGQAZgAPABoADABNAGEAYwBpAG4AdABvAHMAaAAgAEgARAASAGhVc2Vycy9zZXJnZS9Eb2N1bWVudHMvQXJ0aWNsZXMvUmhpcnkvRnVuY3Rpb25hbCAoTWV0YSlNb2RlbHMgZm9yIHRoZSBEZXZlbG9wbWVudCBvZiBDb250cm9sIFNvZnR3YXJlLnBkZgATAAEvAAAVAAIADP//AACABdIcHR4fWCRjbGFzc2VzWiRjbGFzc25hbWWjHyAhXU5TTXV0YWJsZURhdGFWTlNEYXRhWE5TT2JqZWN0XxBiLi4vLi4vRG9jdW1lbnRzL0FydGljbGVzL1JoaXJ5L0Z1bmN0aW9uYWwgKE1ldGEpTW9kZWxzIGZvciB0aGUgRGV2ZWxvcG1lbnQgb2YgQ29udHJvbCBTb2Z0d2FyZS5wZGbSHB0kJaIlIVxOU0RpY3Rpb25hcnkSAAGGoF8QD05TS2V5ZWRBcmNoaXZlcgAIABEAFgAfACgAMgA1ADoAPABFAEsAUgBdAGUAbABvAHEAcwB2AHgAegB8AIYAkwCYAKAC8ALyAvcDAAMLAw8DHQMkAy0DkgOXA5oDpwOsAAAAAAAAAgEAAAAAAAAAKAAAAAAAAAAAAAAAAAAAA74=}}

@inproceedings{Proetzsch:2010vn,
	Author = {Martin Proetzsch and Fabian Zimmermann and Robert Eschbach and Johannes Kloos and Karsten Berns},
	Date-Added = {2011-10-12 11:59:48 +0700},
	Date-Modified = {2011-10-12 11:59:48 +0700},
	Keywords = {DSL, robotics},
	Title = {A Systematic Testing Approach for Autonomous Mobile Robots Using Domain-Specific Languages},
	Year = {2010},
	Bdsk-File-1 = {YnBsaXN0MDDUAQIDBAUIJidUJHRvcFgkb2JqZWN0c1gkdmVyc2lvblkkYXJjaGl2ZXLRBgdUcm9vdIABqAkKFRYXGyIjVSRudWxs0wsMDQ4RFFpOUy5vYmplY3RzV05TLmtleXNWJGNsYXNzog8QgASABqISE4ACgAOAB1lhbGlhc0RhdGFccmVsYXRpdmVQYXRo0hgNGRpXTlMuZGF0YU8RAjQAAAAAAjQAAgAADE1hY2ludG9zaCBIRAAAAAAAAAAAAAAAAAAAAMlb0QlIKwAAADiXOh9BIFN5c3RlbWF0aWMgVGVzdGluZyMzNjgwNjMucGRmAAAAAAAAAAAAAAAAAAAAAAAAAAAAAAAAAAAAAAAAAAAANoBjyYgFZAAAAAAAAAAAAAIABAAACSAAAAAAAAAAAAAAAAAAAAAJUHJvZXR6c2NoAAAQAAgAAMlbUnkAAAARAAgAAMmHhtQAAAABABQAOJc6AAtuPAAFq4wABat/AACRnQACAFVNYWNpbnRvc2ggSEQ6VXNlcnM6c2VyZ2U6RG9jdW1lbnRzOkFydGljbGVzOlByb2V0enNjaDpBIFN5c3RlbWF0aWMgVGVzdGluZyMzNjgwNjMucGRmAAAOAHAANwBBACAAUwB5AHMAdABlAG0AYQB0AGkAYwAgAFQAZQBzAHQAaQBuAGcAIABBAHAAcAByAG8AYQBjAGgAIABmAG8AcgAgAEEAdQB0AG8AbgBvAG0AbwB1AHMAIABNAG8AYgBpAGwAZQAuAHAAZABmAA8AGgAMAE0AYQBjAGkAbgB0AG8AcwBoACAASABEABIAYFVzZXJzL3NlcmdlL0RvY3VtZW50cy9BcnRpY2xlcy9Qcm9ldHpzY2gvQSBTeXN0ZW1hdGljIFRlc3RpbmcgQXBwcm9hY2ggZm9yIEF1dG9ub21vdXMgTW9iaWxlLnBkZgATAAEvAAAVAAIADP//AACABdIcHR4fWCRjbGFzc2VzWiRjbGFzc25hbWWjHyAhXU5TTXV0YWJsZURhdGFWTlNEYXRhWE5TT2JqZWN0XxBaLi4vLi4vRG9jdW1lbnRzL0FydGljbGVzL1Byb2V0enNjaC9BIFN5c3RlbWF0aWMgVGVzdGluZyBBcHByb2FjaCBmb3IgQXV0b25vbW91cyBNb2JpbGUucGRm0hwdJCWiJSFcTlNEaWN0aW9uYXJ5EgABhqBfEA9OU0tleWVkQXJjaGl2ZXIACAARABYAHwAoADIANQA6ADwARQBLAFIAXQBlAGwAbwBxAHMAdgB4AHoAfACGAJMAmACgAtgC2gLfAugC8wL3AwUDDAMVA3IDdwN6A4cDjAAAAAAAAAIBAAAAAAAAACgAAAAAAAAAAAAAAAAAAAOe}}

@phdthesis{Magnenat:2010zr,
	Author = {St{\'e}phane Magnenat},
	Date-Added = {2011-10-12 11:59:48 +0700},
	Date-Modified = {2011-10-12 11:59:48 +0700},
	Keywords = {robotics, integration},
	School = {Ecole Polytechnique F{\'e}d{\'e}rale de Lausanne},
	Title = {Software integration in mobile robotics, a science to scale up machine intelligence},
	Year = {2010},
	Bdsk-File-1 = {YnBsaXN0MDDUAQIDBAUIJidUJHRvcFgkb2JqZWN0c1gkdmVyc2lvblkkYXJjaGl2ZXLRBgdUcm9vdIABqAkKFRYXGyIjVSRudWxs0wsMDQ4RFFpOUy5vYmplY3RzV05TLmtleXNWJGNsYXNzog8QgASABqISE4ACgAOAB1lhbGlhc0RhdGFccmVsYXRpdmVQYXRo0hgNGRpXTlMuZGF0YU8RAiwAAAAAAiwAAgAADE1hY2ludG9zaCBIRAAAAAAAAAAAAAAAAAAAAMlb0QlIKwAAAAtywh9Tb2Z0d2FyZSBpbnRlZ3JhdGlvbiAjQkNCMTkucGRmAAAAAAAAAAAAAAAAAAAAAAAAAAAAAAAAAAAAAAAAAAAAC8sZyQHbjAAAAAAAAAAAAAIABAAACSAAAAAAAAAAAAAAAAAAAAAITWFnbmVuYXQAEAAIAADJW1J5AAAAEQAIAADJAVz8AAAAAQAUAAtywgALbjwABauMAAWrfwAAkZ0AAgBUTWFjaW50b3NoIEhEOlVzZXJzOnNlcmdlOkRvY3VtZW50czpBcnRpY2xlczpNYWduZW5hdDpTb2Z0d2FyZSBpbnRlZ3JhdGlvbiAjQkNCMTkucGRmAA4AbgA2AFMAbwBmAHQAdwBhAHIAZQAgAGkAbgB0AGUAZwByAGEAdABpAG8AbgAgAGkAbgAgAG0AbwBiAGkAbABlACAAcgBvAGIAbwB0AGkAYwBzACwAIABhACAAcwBjAGkAZQBuAGMAZQAuAHAAZABmAA8AGgAMAE0AYQBjAGkAbgB0AG8AcwBoACAASABEABIAXlVzZXJzL3NlcmdlL0RvY3VtZW50cy9BcnRpY2xlcy9NYWduZW5hdC9Tb2Z0d2FyZSBpbnRlZ3JhdGlvbiBpbiBtb2JpbGUgcm9ib3RpY3MsIGEgc2NpZW5jZS5wZGYAEwABLwAAFQACAAz//wAAgAXSHB0eH1gkY2xhc3Nlc1okY2xhc3NuYW1lox8gIV1OU011dGFibGVEYXRhVk5TRGF0YVhOU09iamVjdF8QWC4uLy4uL0RvY3VtZW50cy9BcnRpY2xlcy9NYWduZW5hdC9Tb2Z0d2FyZSBpbnRlZ3JhdGlvbiBpbiBtb2JpbGUgcm9ib3RpY3MsIGEgc2NpZW5jZS5wZGbSHB0kJaIlIVxOU0RpY3Rpb25hcnkSAAGGoF8QD05TS2V5ZWRBcmNoaXZlcgAIABEAFgAfACgAMgA1ADoAPABFAEsAUgBdAGUAbABvAHEAcwB2AHgAegB8AIYAkwCYAKAC0ALSAtcC4ALrAu8C/QMEAw0DaANtA3ADfQOCAAAAAAAAAgEAAAAAAAAAKAAAAAAAAAAAAAAAAAAAA5Q=}}

@phdthesis{Martin:2010uq,
	Author = {Patrick Martin},
	Date-Added = {2011-10-12 11:59:48 +0700},
	Date-Modified = {2011-10-12 11:59:48 +0700},
	Title = {Motion Description Languages: From Specification to Execution},
	Year = {2010},
	Bdsk-File-1 = {YnBsaXN0MDDUAQIDBAUIJidUJHRvcFgkb2JqZWN0c1gkdmVyc2lvblkkYXJjaGl2ZXLRBgdUcm9vdIABqAkKFRYXGyIjVSRudWxs0wsMDQ4RFFpOUy5vYmplY3RzV05TLmtleXNWJGNsYXNzog8QgASABqISE4ACgAOAB1lhbGlhc0RhdGFccmVsYXRpdmVQYXRo0hgNGRpXTlMuZGF0YU8RAh4AAAAAAh4AAgAADE1hY2ludG9zaCBIRAAAAAAAAAAAAAAAAAAAAMlb0QlIKwAAAAty3x9Nb3Rpb24gRGVzY3JpcHRpb24gTCNBOTBEMTQucGRmAAAAAAAAAAAAAAAAAAAAAAAAAAAAAAAAAAAAAAAAAAAAqQ0UyfcHugAAAAAAAAAAAAIABAAACSAAAAAAAAAAAAAAAAAAAAAGTWFydGluABAACAAAyVtSeQAAABEACAAAyfaJKgAAAAEAFAALct8AC248AAWrjAAFq38AAJGdAAIAUk1hY2ludG9zaCBIRDpVc2VyczpzZXJnZTpEb2N1bWVudHM6QXJ0aWNsZXM6TWFydGluOk1vdGlvbiBEZXNjcmlwdGlvbiBMI0E5MEQxNC5wZGYADgBoADMATQBvAHQAaQBvAG4AIABEAGUAcwBjAHIAaQBwAHQAaQBvAG4AIABMAGEAbgBnAHUAYQBnAGUAcwAgAEYAcgBvAG0AIABTAHAAZQBjAGkAZgBpAGMAYQB0AGkAbwBuAC4AcABkAGYADwAaAAwATQBhAGMAaQBuAHQAbwBzAGgAIABIAEQAEgBZVXNlcnMvc2VyZ2UvRG9jdW1lbnRzL0FydGljbGVzL01hcnRpbi9Nb3Rpb24gRGVzY3JpcHRpb24gTGFuZ3VhZ2VzIEZyb20gU3BlY2lmaWNhdGlvbi5wZGYAABMAAS8AABUAAgAM//8AAIAF0hwdHh9YJGNsYXNzZXNaJGNsYXNzbmFtZaMfICFdTlNNdXRhYmxlRGF0YVZOU0RhdGFYTlNPYmplY3RfEFMuLi8uLi9Eb2N1bWVudHMvQXJ0aWNsZXMvTWFydGluL01vdGlvbiBEZXNjcmlwdGlvbiBMYW5ndWFnZXMgRnJvbSBTcGVjaWZpY2F0aW9uLnBkZtIcHSQloiUhXE5TRGljdGlvbmFyeRIAAYagXxAPTlNLZXllZEFyY2hpdmVyAAgAEQAWAB8AKAAyADUAOgA8AEUASwBSAF0AZQBsAG8AcQBzAHYAeAB6AHwAhgCTAJgAoALCAsQCyQLSAt0C4QLvAvYC/wNVA1oDXQNqA28AAAAAAAACAQAAAAAAAAAoAAAAAAAAAAAAAAAAAAADgQ==}}

@inproceedings{Klotzbucher:2010fk,
	Author = {Markus Klotzb{\"u}cher and Peter Soetens and Herman Bruyninckx},
	Booktitle = {International Workshop on DYnamic languages for RObotic and Sensors systems (DYROS)},
	Date-Added = {2011-10-12 11:59:48 +0700},
	Date-Modified = {2011-10-12 11:59:48 +0700},
	Title = {OROCOS RTT-LUA: an Execution Environment for building Real-time Robotic Domain Specific Languages},
	Year = {2010}}

@inproceedings{Joyeux:2011fk,
	Author = {Sylvain Joyeux and Jan Albiez},
	Booktitle = {6th National Conference on ``Control Architectures of Robots''},
	Date-Added = {2011-10-12 11:59:48 +0700},
	Date-Modified = {2011-10-12 11:59:48 +0700},
	Keywords = {DSL, robotics},
	Title = {Robot development: from components to systems},
	Year = {2011},
	Bdsk-File-1 = {YnBsaXN0MDDUAQIDBAUIJidUJHRvcFgkb2JqZWN0c1gkdmVyc2lvblkkYXJjaGl2ZXLRBgdUcm9vdIABqAkKFRYXGyIjVSRudWxs0wsMDQ4RFFpOUy5vYmplY3RzV05TLmtleXNWJGNsYXNzog8QgASABqISE4ACgAOAB1lhbGlhc0RhdGFccmVsYXRpdmVQYXRo0hgNGRpXTlMuZGF0YU8RAhQAAAAAAhQAAgAADE1hY2ludG9zaCBIRAAAAAAAAAAAAAAAAAAAAMlb0QlIKwAAAAtyGx9Sb2JvdCBkZXZlbG9wbWVudCBmIzFCMzE1QkIucGRmAAAAAAAAAAAAAAAAAAAAAAAAAAAAAAAAAAAAAAAAAAABsxW7yn1yEwAAAAAAAAAAAAIABAAACSAAAAAAAAAAAAAAAAAAAAAGSm95ZXV4ABAACAAAyVtSeQAAABEACAAAynzzgwAAAAEAFAALchsAC248AAWrjAAFq38AAJGdAAIAUk1hY2ludG9zaCBIRDpVc2VyczpzZXJnZTpEb2N1bWVudHM6QXJ0aWNsZXM6Sm95ZXV4OlJvYm90IGRldmVsb3BtZW50IGYjMUIzMTVCQi5wZGYADgBiADAAUgBvAGIAbwB0ACAAZABlAHYAZQBsAG8AcABtAGUAbgB0ACAAZgByAG8AbQAgAGMAbwBtAHAAbwBuAGUAbgB0AHMAIAB0AG8AIABzAHkAcwB0AGUAbQBzAC4AcABkAGYADwAaAAwATQBhAGMAaQBuAHQAbwBzAGgAIABIAEQAEgBWVXNlcnMvc2VyZ2UvRG9jdW1lbnRzL0FydGljbGVzL0pveWV1eC9Sb2JvdCBkZXZlbG9wbWVudCBmcm9tIGNvbXBvbmVudHMgdG8gc3lzdGVtcy5wZGYAEwABLwAAFQACAAz//wAAgAXSHB0eH1gkY2xhc3Nlc1okY2xhc3NuYW1lox8gIV1OU011dGFibGVEYXRhVk5TRGF0YVhOU09iamVjdF8QUC4uLy4uL0RvY3VtZW50cy9BcnRpY2xlcy9Kb3lldXgvUm9ib3QgZGV2ZWxvcG1lbnQgZnJvbSBjb21wb25lbnRzIHRvIHN5c3RlbXMucGRm0hwdJCWiJSFcTlNEaWN0aW9uYXJ5EgABhqBfEA9OU0tleWVkQXJjaGl2ZXIACAARABYAHwAoADIANQA6ADwARQBLAFIAXQBlAGwAbwBxAHMAdgB4AHoAfACGAJMAmACgArgCugK/AsgC0wLXAuUC7AL1A0gDTQNQA10DYgAAAAAAAAIBAAAAAAAAACgAAAAAAAAAAAAAAAAAAAN0}}

@inproceedings{Frigerio:2011fk,
	Author = {Marco Frigerio and Jonas Buchli and Darwin G. Caldwell},
	Booktitle = {2nd International Workshop on Domain-Specific Languages and models for ROBotic systems (DSLRob'11)},
	Date-Added = {2011-10-12 11:59:48 +0700},
	Date-Modified = {2011-10-12 11:59:48 +0700},
	Title = {A Domain Specific Language for kinematic models and fast implementation of robot dynamics algorithms},
	Year = {2011}}
